<record><leader>00000cas a22000007a 4500</leader><controlfield tag="001">22399495</controlfield><controlfield tag="008">900918d19111915couwr ne      0    0eng d</controlfield><datafield ind1=" " ind2=" " tag="010"><subfield code="a">sn 90051657 </subfield></datafield><datafield ind1=" " ind2=" " tag="040"><subfield code="a">CNQ</subfield><subfield code="b">eng</subfield><subfield code="c">CNQ</subfield><subfield code="d">OCLCQ</subfield><subfield code="d">UKMGB</subfield></datafield><datafield ind1="7" ind2=" " tag="016"><subfield code="a">013901812</subfield><subfield code="2">Uk</subfield></datafield><datafield ind1=" " ind2=" " tag="042"><subfield code="a">msc</subfield></datafield><datafield ind1="0" ind2=" " tag="130"><subfield code="a">Weekly free press (Trinidad, Colo.)</subfield></datafield><datafield ind1="1" ind2="0" tag="245"><subfield code="a">Weekly free press.</subfield></datafield><datafield ind1=" " ind2=" " tag="260"><subfield code="a">Trinidad, Colo. :</subfield><subfield code="b">John M. O'Neill</subfield></datafield><datafield ind1=" " ind2=" " tag="300"><subfield code="a">v.</subfield></datafield><datafield ind1=" " ind2=" " tag="310"><subfield code="a">Weekly</subfield></datafield><datafield ind1="1" ind2=" " tag="362"><subfield code="a">Began in 1911? Ceased in 1915.</subfield></datafield><datafield ind1=" " ind2=" " tag="580"><subfield code="a">Daily eds.: Daily free press (Trinidad, Colo. : 1913), 1913-191u, and: Trinidad free press, 191u-</subfield></datafield><datafield ind1=" " ind2=" " tag="588"><subfield code="a">Description based on: Vol. 4, no. 2 (Dec. 24, 1914).</subfield></datafield><datafield ind1=" " ind2=" " tag="752"><subfield code="a">United States</subfield><subfield code="b">Colorado</subfield><subfield code="c">Las Animas</subfield><subfield code="d">Trinidad.</subfield></datafield><datafield ind1="1" ind2=" " tag="775"><subfield code="t">Daily free press (Trinidad, Colo. : 1913)</subfield><subfield code="w">(DLC)sn 90051655</subfield></datafield><datafield ind1="1" ind2=" " tag="775"><subfield code="t">Trinidad free press</subfield><subfield code="w">(DLC)sn 90051656</subfield></datafield><datafield ind1="0" ind2="0" tag="785"><subfield code="t">Free press (Trinidad, Colo. : 1915)</subfield><subfield code="w">(DLC)sn 90051658</subfield></datafield></record>